%%%%%%%%%%%%%%%%%%%%%%%%%%%%%%%%%%%%%%%%% Introduction
%%%%%%%%%%%%%%%%%%%%%%%%%%%%%%%%%%%%%%%%%%%%%%%%%%%%%%%%%%%%%%%%%%%%%%%%%%%%%%%%%% 
@article{01_nano_in_medicine,
  title={THE USE OF NANOTECHNOLOGY IN MEDICINE},
  author={Al-Mamoori, Shaymaa OH and Jabuk, Sura IA and Mahdi, Rasha Kadhim and Naji, Noor M and Almaamori, Anmar MK},
  year={2022},
  journal={European Journal of Research Development and Sustainability}
}
@article{han2021emerging,
  title={Emerging pro-drug and nano-drug strategies for gemcitabine-based cancer therapy},
  author={Han, Haijie and Li, Su and Zhong, Yueyang and Huang, Yue and Wang, Kai and Jin, Qiao and Ji, Jian and Yao, Ke},
  journal={Asian Journal of Pharmaceutical Sciences},
  year={2021},
  publisher={Elsevier}
}
@article{el2020advances,
  title={Advances in nanomedical applications: diagnostic, therapeutic, immunization, and vaccine production},
  author={El-Sayed, Amr and Kamel, Mohamed},
  journal={Environmental Science and Pollution Research},
  volume={27},
  number={16},
  pages={19200--19213},
  year={2020},
  publisher={Springer}
}
@article{homayun2019challenges,
  title={Challenges and recent progress in oral drug delivery systems for biopharmaceuticals},
  author={Homayun, Bahman and Lin, Xueting and Choi, Hyo-Jick},
  journal={Pharmaceutics},
  volume={11},
  number={3},
  pages={129},
  year={2019},
  publisher={MDPI}
}